
    <record>
        <controlfield tag="001">
            9930026253804341
        </controlfield>
        <datafield tag="100">
            <subfield code="a">
                Mary,
            </subfield>
            <subfield code="c">
                Queen of Scots,
            </subfield>
            <subfield code="d">
                1542-1587.
            </subfield>
        <subfield code="1">https://isni.org/isni/0000000121035913</subfield><subfield code="1">https://www.wikidata.org/wiki/Q131412</subfield><subfield code="9">LCNACO|Mary Queen of Scots</subfield></datafield>
        <datafield tag="245">
            <subfield code="a">
                [Facsimiles of letters from Mary, Queen of Scots, Queen Elizabeth, and others.]
            </subfield>
        </datafield>
    </record>