
    <record>
        <controlfield tag="001">
            9930026373804341
        </controlfield>
        <datafield tag="100">
            <subfield code="a">
                Whyte-Melville, G. J.
            </subfield>
            <subfield code="q">
                (George John),
            </subfield>
            <subfield code="d">
                1821-1878.
            </subfield>
        <subfield code="1">https://isni.org/isni/0000000109097070</subfield><subfield code="1">https://www.wikidata.org/wiki/Q5546247</subfield><subfield code="9">LCNACO|G. J Whyte-Melville</subfield></datafield>
        <datafield tag="245">
            <subfield code="a">
                Cerise; A tale of the last century.
            </subfield>
        </datafield>
    </record>