
    <record>
        <controlfield tag="001">
            9930026563804341
        </controlfield>
        <datafield tag="100">
            <subfield code="a">
                Millar, J. P. M.
            </subfield>
            <subfield code="q">
                (James Primrose Malcolm),
            </subfield>
            <subfield code="d">
                1893-1989.
            </subfield>
        </datafield>
        <datafield tag="245">
            <subfield code="a">
                Trade union education - some vital issues.
            </subfield>
        </datafield>
    </record>