
    <record>
		<controlfield tag="001">
			9925290633804341
		</controlfield>
		<datafield tag="100">
			<subfield code="a">
				Cumming, Alexander,
			</subfield>
			<subfield code="d">
				-1909.
			</subfield>
		<subfield code="1">https://isni.org/isni/0000000109276386</subfield><subfield code="1">https://www.wikidata.org/wiki/Q7345040</subfield><subfield code="9">LCNACO|Robert Cumming</subfield></datafield>
		<datafield tag="245">
			<subfield code="a">
				The golden chain, and other sermons /
			</subfield>
			<subfield code="c">
				by Alexander Cumming.
			</subfield>
		</datafield>
	</record>
</collection>